<record><leader>00000cas a22000007a 4500</leader><controlfield tag="001">1564099</controlfield><controlfield tag="008">750823d18651865mousr ne      0   a0eng d</controlfield><datafield ind1=" " ind2=" " tag="010"><subfield code="a">sn 96027709 </subfield></datafield><datafield ind1=" " ind2=" " tag="040"><subfield code="a">MUL</subfield><subfield code="b">eng</subfield><subfield code="c">MUL</subfield><subfield code="d">FUG</subfield><subfield code="d">OCLCQ</subfield><subfield code="d">GUA</subfield><subfield code="d">DLC</subfield><subfield code="d">OCLCF</subfield><subfield code="d">OCLCO</subfield></datafield><datafield ind1=" " ind2=" " tag="012"><subfield code="l">1</subfield></datafield><datafield ind1="0" ind2=" " tag="022"><subfield code="a">2158-4257</subfield><subfield code="2">1</subfield></datafield><datafield ind1="1" ind2=" " tag="029"><subfield code="a">AU@</subfield><subfield code="b">000025921374</subfield></datafield><datafield ind1=" " ind2=" " tag="042"><subfield code="a">msc</subfield><subfield code="a">nsdp</subfield></datafield><datafield ind1="1" ind2="0" tag="050"><subfield code="a">ISSN RECORD</subfield></datafield><datafield ind1=" " ind2="4" tag="050"><subfield code="a">S1</subfield><subfield code="b">.C77</subfield></datafield><datafield ind1="1" ind2="0" tag="082"><subfield code="a">630</subfield><subfield code="2">14</subfield></datafield><datafield ind1=" " ind2="0" tag="222"><subfield code="a">Colman's rural world and valley farmer</subfield></datafield><datafield ind1="0" ind2="0" tag="245"><subfield code="a">Colman's rural world and valley farmer.</subfield></datafield><datafield ind1="1" ind2="7" tag="246"><subfield code="a">Rural world and valley farmer</subfield></datafield><datafield ind1=" " ind2=" " tag="260"><subfield code="a">St. Louis, Mo. :</subfield><subfield code="b">Benj. Bryan,</subfield><subfield code="c">1865.</subfield></datafield><datafield ind1=" " ind2=" " tag="300"><subfield code="a">1 v. :</subfield><subfield code="b">ill. ;</subfield><subfield code="c">28 cm.</subfield></datafield><datafield ind1=" " ind2=" " tag="310"><subfield code="a">Semimonthly</subfield></datafield><datafield ind1="0" ind2=" " tag="362"><subfield code="a">Vol. 17, no. 1 (Jan. 1, 1865)-</subfield></datafield><datafield ind1="1" ind2=" " tag="362"><subfield code="a">Ceased in 1865.</subfield></datafield><datafield ind1=" " ind2=" " tag="500"><subfield code="a">Devoted to the interests of "the cultivators of the soil in the Mississippi Valley," Colman's Rural World and Valley Farmer was published for the farmer and his family. Articles included treatment of stock, barn and home architecture (plans for a 19' x 25' house for under $300), butter-making, notices of agricultural societies, designs of various farm implements and tools, homemaking hints and recipes, poetry, advertisements, grain and stock prices, and fiction for children. Cf. American periodicals, 1741-1900.</subfield></datafield><datafield ind1=" " ind2=" " tag="500"><subfield code="a">Editor: Jan. 1-&lt;Nov. 15&gt;, 1865, Norman J. Colman.</subfield></datafield><datafield ind1=" " ind2=" " tag="530"><subfield code="a">Available on microfilm from Xerox University Microfilms (American periodical series: 1850-1900); also available online.</subfield></datafield><datafield ind1=" " ind2="0" tag="650"><subfield code="a">Agriculture</subfield><subfield code="v">Newspapers.</subfield></datafield><datafield ind1=" " ind2="0" tag="651"><subfield code="a">Saint Louis (Mo.)</subfield><subfield code="v">Newspapers.</subfield></datafield><datafield ind1=" " ind2="7" tag="655"><subfield code="a">Newspapers.</subfield><subfield code="2">fast</subfield><subfield code="0">(OCoLC)fst01423814</subfield></datafield><datafield ind1=" " ind2="7" tag="650"><subfield code="a">Agriculture.</subfield><subfield code="2">fast</subfield><subfield code="0">(OCoLC)fst00801355</subfield></datafield><datafield ind1=" " ind2="7" tag="651"><subfield code="a">Missouri</subfield><subfield code="z">Saint Louis.</subfield><subfield code="2">fast</subfield><subfield code="0">(OCoLC)fst01204930</subfield></datafield><datafield ind1=" " ind2=" " tag="752"><subfield code="a">United States</subfield><subfield code="b">Missouri</subfield><subfield code="d">Saint Louis.</subfield></datafield><datafield ind1="1" ind2=" " tag="776"><subfield code="c">Microfilm</subfield><subfield code="w">(DLC)sf 88091524</subfield><subfield code="w">(OCoLC)7389210</subfield></datafield><datafield ind1="1" ind2=" " tag="776"><subfield code="t">Colman's rural world and valley farmer (Online)</subfield><subfield code="w">(DLC)  2008266899</subfield><subfield code="w">(OCoLC)70879750</subfield></datafield><datafield ind1="0" ind2="0" tag="780"><subfield code="t">Valley farmer</subfield><subfield code="w">(OCoLC)8748416</subfield></datafield><datafield ind1="0" ind2="0" tag="785"><subfield code="t">Colman's rural world</subfield><subfield code="x">2158-4265</subfield><subfield code="w">(DLC)sn 93060093</subfield><subfield code="w">(OCoLC)8748417</subfield></datafield><datafield ind1="4" ind2="1" tag="856"><subfield code="u">http://gateway.proquest.com/openurl?url_ver=Z39.88-2004&amp;res_dat=xri:pqd::hnp&amp;rft_val_fmt=info:ofi/fmt:kev:mtx:journal&amp;rft_dat=xri:pqd:PMID=41536</subfield></datafield><datafield ind1=" " ind2=" " tag="936"><subfield code="a">Vol. 17, no. 22 (Nov. 15, 1865) LIC</subfield></datafield></record>